{
  "user_logs": [
    {
      "user_id": "SU_001",
      "name": "Aarav Sharma",
      "phone": "9810123456",
      "email": "aarav.sharma@example.com",
      "registration_date": "2023-01-15",
      "user_type": "frequent_user",
      "location": {"city": "Delhi NCR", "area": "Greater Kailash", "pincode": "110048"},
      "last_login": "2025-07-29",
      "total_orders": 25,
      "total_revenue": 15000,
      "avg_order_value": 600,
      "last_order_date": "2025-07-22",
      "days_since_last_order": 7,
      "preferred_categories": ["Metals", "Electronics"],
      "churn_risk": "very_low",
      "sentiment_score": 0.98,
      "coupon_used": true,
      "app_rating": 5,
      "coupon_tier": "Low",
      "assigned_coupon": "THANKYOU"
    },
    {
      "user_id": "SU_002",
      "name": "Saanvi Gupta",
      "phone": "9958987654",
      "email": "saanvi.gupta@example.com",
      "registration_date": "2025-03-10",
      "user_type": "new_user",
      "location": {"city": "Gurgaon", "area": "Sohna Road", "pincode": "122018"},
      "last_login": "2025-07-20",
      "total_orders": 1,
      "total_revenue": 500,
      "avg_order_value": 500,
      "last_order_date": "2025-07-20",
      "days_since_last_order": 9,
      "preferred_categories": ["Plastic"],
      "churn_risk": "low",
      "sentiment_score": 0.85,
      "coupon_used": false,
      "app_rating": 4,
      "coupon_tier": "Low",
      "assigned_coupon": "WELCOME10"
    },
    {
      "user_id": "SU_003",
      "name": "Advik Singh",
      "phone": "9212345678",
      "email": "advik.singh@example.com",
      "registration_date": "2023-11-05",
      "user_type": "dormant_user",
      "location": {"city": "Noida", "area": "Sector 62", "pincode": "201309"},
      "last_login": "2024-05-15",
      "total_orders": 3,
      "total_revenue": 900,
      "avg_order_value": 300,
      "last_order_date": "2024-05-10",
      "days_since_last_order": 445,
      "preferred_categories": ["Paper", "Cardboard"],
      "churn_risk": "very_high",
      "sentiment_score": 0.45,
      "coupon_used": false,
      "app_rating": 2,
      "coupon_tier": "High",
      "assigned_coupon": "BIGSAVE200"
    },
    {
      "user_id": "SU_004",
      "name": "Ishaan Verma",
      "phone": "9818765432",
      "email": "ishaan.verma@example.com",
      "registration_date": "2022-08-20",
      "user_type": "high_value_user",
      "location": {"city": "Delhi NCR", "area": "Vasant Kunj", "pincode": "110070"},
      "last_login": "2025-07-25",
      "total_orders": 15,
      "total_revenue": 50000,
      "avg_order_value": 3333,
      "last_order_date": "2025-07-18",
      "days_since_last_order": 11,
      "preferred_categories": ["Electronics", "Vehicles"],
      "churn_risk": "very_low",
      "sentiment_score": 0.96,
      "coupon_used": false,
      "app_rating": 5,
      "coupon_tier": "High",
      "assigned_coupon": "HVU175"
    },
    {
      "user_id": "SU_005",
      "name": "Diya Kumar",
      "phone": "9999123456",
      "email": "diya.kumar@example.com",
      "registration_date": "2024-02-12",
      "user_type": "price_sensitive_user",
      "location": {"city": "Ghaziabad", "area": "Indirapuram", "pincode": "201014"},
      "last_login": "2025-06-30",
      "total_orders": 8,
      "total_revenue": 2400,
      "avg_order_value": 300,
      "last_order_date": "2025-06-25",
      "days_since_last_order": 34,
      "preferred_categories": ["Paper", "Plastic"],
      "churn_risk": "medium",
      "sentiment_score": 0.72,
      "coupon_used": true,
      "app_rating": 3,
      "coupon_tier": "Mid",
      "assigned_coupon": "SAVE75"
    },
    {
      "user_id": "SU_006",
      "name": "Kabir Joshi",
      "phone": "9876501234",
      "email": "kabir.joshi@example.com",
      "registration_date": "2023-05-25",
      "user_type": "bulk_seller",
      "location": {"city": "Faridabad", "area": "Sector 15", "pincode": "121007"},
      "last_login": "2025-07-28",
      "total_orders": 30,
      "total_revenue": 45000,
      "avg_order_value": 1500,
      "last_order_date": "2025-07-28",
      "days_since_last_order": 1,
      "preferred_categories": ["Cardboard", "Metals", "Plastic"],
      "churn_risk": "very_low",
      "sentiment_score": 0.91,
      "coupon_used": false,
      "app_rating": 4,
      "coupon_tier": "Low",
      "assigned_coupon": "FUTUREOFFER"
    },
    {
      "user_id": "SU_007",
      "name": "Ananya Reddy",
      "phone": "9910101010",
      "email": "ananya.reddy@example.com",
      "registration_date": "2024-10-01",
      "user_type": "seasonal_user",
      "location": {"city": "Delhi NCR", "area": "Saket", "pincode": "110017"},
      "last_login": "2025-01-15",
      "total_orders": 2,
      "total_revenue": 1200,
      "avg_order_value": 600,
      "last_order_date": "2025-01-14",
      "days_since_last_order": 196,
      "preferred_categories": ["Electronics"],
      "churn_risk": "high",
      "sentiment_score": 0.68,
      "coupon_used": false,
      "app_rating": 3,
      "coupon_tier": "High",
      "assigned_coupon": "COMEBACK150"
    },
    {
      "user_id": "SU_008",
      "name": "Rohan Mehra",
      "phone": "9821112233",
      "email": "rohan.mehra@example.com",
      "registration_date": "2023-08-11",
      "user_type": "electronics_specialist",
      "location": {"city": "Gurgaon", "area": "Cyber City", "pincode": "122002"},
      "last_login": "2025-07-27",
      "total_orders": 12,
      "total_revenue": 24000,
      "avg_order_value": 2000,
      "last_order_date": "2025-07-20",
      "days_since_last_order": 9,
      "preferred_categories": ["Electronics", "Metals"],
      "churn_risk": "low",
      "sentiment_score": 0.90,
      "coupon_used": true,
      "app_rating": 5,
      "coupon_tier": "Low",
      "assigned_coupon": "THANKYOU"
    },
    {
      "user_id": "SU_009",
      "name": "Zara Khan",
      "phone": "9990001111",
      "email": "zara.khan@example.com",
      "registration_date": "2025-01-02",
      "user_type": "returning_user",
      "location": {"city": "Noida", "area": "Sector 137", "pincode": "201305"},
      "last_login": "2025-07-15",
      "total_orders": 4,
      "total_revenue": 1800,
      "avg_order_value": 450,
      "last_order_date": "2025-07-10",
      "days_since_last_order": 19,
      "preferred_categories": ["Paper", "Plastic"],
      "churn_risk": "medium",
      "sentiment_score": 0.78,
      "coupon_used": true,
      "app_rating": 4,
      "coupon_tier": "Mid",
      "assigned_coupon": "RECYCLE50"
    },
    {
      "user_id": "SU_010",
      "name": "Vihaan Das",
      "phone": "9811223344",
      "email": "vihaan.das@example.com",
      "registration_date": "2022-04-01",
      "user_type": "dormant_user",
      "location": {"city": "Delhi NCR", "area": "Rohini", "pincode": "110085"},
      "last_login": "2023-02-01",
      "total_orders": 2,
      "total_revenue": 650,
      "avg_order_value": 325,
      "last_order_date": "2023-01-20",
      "days_since_last_order": 920,
      "preferred_categories": ["Paper"],
      "churn_risk": "very_high",
      "sentiment_score": 0.30,
      "coupon_used": false,
      "app_rating": 1,
      "coupon_tier": "High",
      "assigned_coupon": "BIGSAVE200"
    },
    {
      "user_id": "SU_011",
      "name": "Myra Chauhan",
      "phone": "9717181920",
      "email": "myra.chauhan@example.com",
      "registration_date": "2023-09-30",
      "user_type": "frequent_user",
      "location": {"city": "Ghaziabad", "area": "Vaishali", "pincode": "201010"},
      "last_login": "2025-07-29",
      "total_orders": 18,
      "total_revenue": 9000,
      "avg_order_value": 500,
      "last_order_date": "2025-07-25",
      "days_since_last_order": 4,
      "preferred_categories": ["Plastic", "Cardboard"],
      "churn_risk": "low",
      "sentiment_score": 0.92,
      "coupon_used": false,
      "app_rating": 5,
      "coupon_tier": "Low",
      "assigned_coupon": "FUTUREOFFER"
    },
    {
      "user_id": "SU_012",
      "name": "Arjun Malhotra",
      "phone": "9899887766",
      "email": "arjun.malhotra@example.com",
      "registration_date": "2024-08-15",
      "user_type": "returning_user",
      "location": {"city": "Faridabad", "area": "Sector 21", "pincode": "121001"},
      "last_login": "2025-05-10",
      "total_orders": 5,
      "total_revenue": 3000,
      "avg_order_value": 600,
      "last_order_date": "2025-05-01",
      "days_since_last_order": 89,
      "preferred_categories": ["Metals"],
      "churn_risk": "medium",
      "sentiment_score": 0.80,
      "coupon_used": true,
      "app_rating": 4,
      "coupon_tier": "Mid",
      "assigned_coupon": "SCRAP100"
    },
    {
      "user_id": "SU_013",
      "name": "Kiara Iyengar",
      "phone": "9810010010",
      "email": "kiara.iyengar@example.com",
      "registration_date": "2022-12-01",
      "user_type": "high_value_user",
      "location": {"city": "Gurgaon", "area": "Golf Course Road", "pincode": "122011"},
      "last_login": "2025-07-28",
      "total_orders": 22,
      "total_revenue": 88000,
      "avg_order_value": 4000,
      "last_order_date": "2025-07-26",
      "days_since_last_order": 3,
      "preferred_categories": ["Electronics", "Vehicles", "Metals"],
      "churn_risk": "very_low",
      "sentiment_score": 0.99,
      "coupon_used": true,
      "app_rating": 5,
      "coupon_tier": "High",
      "assigned_coupon": "HVU175"
    },
    {
      "user_id": "SU_014",
      "name": "Vivaan Reddy",
      "phone": "9988776655",
      "email": "vivaan.reddy@example.com",
      "registration_date": "2025-06-01",
      "user_type": "new_user",
      "location": {"city": "Delhi NCR", "area": "Paharganj", "pincode": "110055"},
      "last_login": "2025-07-25",
      "total_orders": 1,
      "total_revenue": 350,
      "avg_order_value": 350,
      "last_order_date": "2025-07-25",
      "days_since_last_order": 4,
      "preferred_categories": ["Paper"],
      "churn_risk": "low",
      "sentiment_score": 0.88,
      "coupon_used": false,
      "app_rating": 5,
      "coupon_tier": "Low",
      "assigned_coupon": "WELCOME10"
    },
    {
      "user_id": "SU_015",
      "name": "Anika Nair",
      "phone": "9123456789",
      "email": "anika.nair@example.com",
      "registration_date": "2023-03-20",
      "user_type": "seasonal_user",
      "location": {"city": "Noida", "area": "Sector 50", "pincode": "201303"},
      "last_login": "2024-11-30",
      "total_orders": 4,
      "total_revenue": 1500,
      "avg_order_value": 375,
      "last_order_date": "2024-11-25",
      "days_since_last_order": 246,
      "preferred_categories": ["Cardboard", "Plastic"],
      "churn_risk": "high",
      "sentiment_score": 0.65,
      "coupon_used": false,
      "app_rating": 3,
      "coupon_tier": "High",
      "assigned_coupon": "COMEBACK150"
    },
    {
      "user_id": "SU_016",
      "name": "Reyansh Gupta",
      "phone": "9876543210",
      "email": "reyansh.gupta@example.com",
      "registration_date": "2024-01-10",
      "user_type": "price_sensitive_user",
      "location": {"city": "Ghaziabad", "area": "Raj Nagar Extension", "pincode": "201017"},
      "last_login": "2025-07-01",
      "total_orders": 10,
      "total_revenue": 3000,
      "avg_order_value": 300,
      "last_order_date": "2025-06-15",
      "days_since_last_order": 44,
      "preferred_categories": ["Paper", "Metals"],
      "churn_risk": "medium",
      "sentiment_score": 0.70,
      "coupon_used": true,
      "app_rating": 3,
      "coupon_tier": "Mid",
      "assigned_coupon": "SAVE75"
    },
    {
      "user_id": "SU_017",
      "name": "Aisha Khan",
      "phone": "9988771122",
      "email": "aisha.khan@example.com",
      "registration_date": "2022-09-05",
      "user_type": "frequent_user",
      "location": {"city": "Delhi NCR", "area": "Mayur Vihar", "pincode": "110091"},
      "last_login": "2025-07-29",
      "total_orders": 28,
      "total_revenue": 18000,
      "avg_order_value": 642,
      "last_order_date": "2025-07-28",
      "days_since_last_order": 1,
      "preferred_categories": ["Plastic", "Electronics"],
      "churn_risk": "very_low",
      "sentiment_score": 0.97,
      "coupon_used": true,
      "app_rating": 5,
      "coupon_tier": "Low",
      "assigned_coupon": "THANKYOU"
    },
    {
      "user_id": "SU_018",
      "name": "Krishna Pillai",
      "phone": "9112233445",
      "email": "krishna.pillai@example.com",
      "registration_date": "2023-10-12",
      "user_type": "dormant_user",
      "location": {"city": "Gurgaon", "area": "Sector 45", "pincode": "122003"},
      "last_login": "2024-03-01",
      "total_orders": 2,
      "total_revenue": 800,
      "avg_order_value": 400,
      "last_order_date": "2024-02-20",
      "days_since_last_order": 524,
      "preferred_categories": ["Paper"],
      "churn_risk": "very_high",
      "sentiment_score": 0.40,
      "coupon_used": false,
      "app_rating": 2,
      "coupon_tier": "High",
      "assigned_coupon": "BIGSAVE200"
    },
    {
      "user_id": "SU_019",
      "name": "Pari Singh",
      "phone": "9871234567",
      "email": "pari.singh@example.com",
      "registration_date": "2024-04-05",
      "user_type": "returning_user",
      "location": {"city": "Faridabad", "area": "Nehru Ground", "pincode": "121001"},
      "last_login": "2025-06-20",
      "total_orders": 6,
      "total_revenue": 2500,
      "avg_order_value": 416,
      "last_order_date": "2025-06-10",
      "days_since_last_order": 49,
      "preferred_categories": ["Cardboard", "Metals"],
      "churn_risk": "medium",
      "sentiment_score": 0.82,
      "coupon_used": false,
      "app_rating": 4,
      "coupon_tier": "Mid",
      "assigned_coupon": "SCRAP100"
    },
    {
      "user_id": "SU_020",
      "name": "Aryan Kumar",
      "phone": "9998887776",
      "email": "aryan.kumar@example.com",
      "registration_date": "2022-01-30",
      "user_type": "high_value_user",
      "location": {"city": "Delhi NCR", "area": "Defence Colony", "pincode": "110024"},
      "last_login": "2025-07-28",
      "total_orders": 35,
      "total_revenue": 105000,
      "avg_order_value": 3000,
      "last_order_date": "2025-07-25",
      "days_since_last_order": 4,
      "preferred_categories": ["Vehicles", "Electronics"],
      "churn_risk": "very_low",
      "sentiment_score": 0.98,
      "coupon_used": true,
      "app_rating": 5,
      "coupon_tier": "High",
      "assigned_coupon": "HVU175"
    },
    {
      "user_id": "SU_021",
      "name": "Neha Reddy",
      "phone": "9811112222",
      "email": "neha.reddy@example.com",
      "registration_date": "2023-07-14",
      "user_type": "bulk_seller",
      "location": {"city": "Noida", "area": "Sector 12", "pincode": "201301"},
      "last_login": "2025-07-29",
      "total_orders": 40,
      "total_revenue": 60000,
      "avg_order_value": 1500,
      "last_order_date": "2025-07-29",
      "days_since_last_order": 0,
      "preferred_categories": ["Paper", "Cardboard", "Plastic", "Metals"],
      "churn_risk": "very_low",
      "sentiment_score": 0.93,
      "coupon_used": false,
      "app_rating": 5,
      "coupon_tier": "Low",
      "assigned_coupon": "FUTUREOFFER"
    },
    {
      "user_id": "SU_022",
      "name": "Riya Sharma",
      "phone": "9223344556",
      "email": "riya.sharma@example.com",
      "registration_date": "2024-09-01",
      "user_type": "seasonal_user",
      "location": {"city": "Gurgaon", "area": "MG Road", "pincode": "122002"},
      "last_login": "2025-02-10",
      "total_orders": 3,
      "total_revenue": 1000,
      "avg_order_value": 333,
      "last_order_date": "2025-02-05",
      "days_since_last_order": 174,
      "preferred_categories": ["Plastic"],
      "churn_risk": "high",
      "sentiment_score": 0.70,
      "coupon_used": true,
      "app_rating": 3,
      "coupon_tier": "High",
      "assigned_coupon": "COMEBACK150"
    },
    {
      "user_id": "SU_023",
      "name": "Sameer Singh",
      "phone": "9334455667",
      "email": "sameer.singh@example.com",
      "registration_date": "2023-02-28",
      "user_type": "electronics_specialist",
      "location": {"city": "Delhi NCR", "area": "Nehru Place", "pincode": "110019"},
      "last_login": "2025-07-26",
      "total_orders": 18,
      "total_revenue": 36000,
      "avg_order_value": 2000,
      "last_order_date": "2025-07-19",
      "days_since_last_order": 10,
      "preferred_categories": ["Electronics"],
      "churn_risk": "low",
      "sentiment_score": 0.89,
      "coupon_used": true,
      "app_rating": 4,
      "coupon_tier": "Low",
      "assigned_coupon": "THANKYOU"
    },
    {
      "user_id": "SU_024",
      "name": "Tara Iyer",
      "phone": "9445566778",
      "email": "tara.iyer@example.com",
      "registration_date": "2025-05-20",
      "user_type": "new_user",
      "location": {"city": "Ghaziabad", "area": "Kavi Nagar", "pincode": "201002"},
      "last_login": "2025-07-28",
      "total_orders": 1,
      "total_revenue": 450,
      "avg_order_value": 450,
      "last_order_date": "2025-07-28",
      "days_since_last_order": 1,
      "preferred_categories": ["Metals"],
      "churn_risk": "low",
      "sentiment_score": 0.90,
      "coupon_used": false,
      "app_rating": 5,
      "coupon_tier": "Low",
      "assigned_coupon": "WELCOME10"
    },
    {
      "user_id": "SU_025",
      "name": "Yash Patel",
      "phone": "9556677889",
      "email": "yash.patel@example.com",
      "registration_date": "2024-03-18",
      "user_type": "price_sensitive_user",
      "location": {"city": "Faridabad", "area": "Sector 37", "pincode": "121003"},
      "last_login": "2025-07-10",
      "total_orders": 7,
      "total_revenue": 2100,
      "avg_order_value": 300,
      "last_order_date": "2025-07-05",
      "days_since_last_order": 24,
      "preferred_categories": ["Paper"],
      "churn_risk": "medium",
      "sentiment_score": 0.75,
      "coupon_used": false,
      "app_rating": 4,
      "coupon_tier": "Mid",
      "assigned_coupon": "RECYCLE50"
    },
    {
      "user_id": "SU_026",
      "name": "Zoya Agarwal",
      "phone": "9667788990",
      "email": "zoya.agarwal@example.com",
      "registration_date": "2022-06-11",
      "user_type": "dormant_user",
      "location": {"city": "Delhi NCR", "area": "Janakpuri", "pincode": "110058"},
      "last_login": "2023-05-01",
      "total_orders": 3,
      "total_revenue": 1200,
      "avg_order_value": 400,
      "last_order_date": "2023-04-15",
      "days_since_last_order": 836,
      "preferred_categories": ["Plastic", "Metals"],
      "churn_risk": "very_high",
      "sentiment_score": 0.35,
      "coupon_used": false,
      "app_rating": 1,
      "coupon_tier": "High",
      "assigned_coupon": "BIGSAVE200"
    },
    {
      "user_id": "SU_027",
      "name": "Aditya Menon",
      "phone": "9778899001",
      "email": "aditya.menon@example.com",
      "registration_date": "2023-11-25",
      "user_type": "returning_user",
      "location": {"city": "Noida", "area": "Sector 75", "pincode": "201301"},
      "last_login": "2025-07-05",
      "total_orders": 5,
      "total_revenue": 2200,
      "avg_order_value": 440,
      "last_order_date": "2025-06-28",
      "days_since_last_order": 31,
      "preferred_categories": ["Electronics"],
      "churn_risk": "medium",
      "sentiment_score": 0.81,
      "coupon_used": true,
      "app_rating": 4,
      "coupon_tier": "Mid",
      "assigned_coupon": "SAVE75"
    },
    {
      "user_id": "SU_028",
      "name": "Ishan Sharma",
      "phone": "9889900112",
      "email": "ishan.sharma@example.com",
      "registration_date": "2022-02-14",
      "user_type": "high_value_user",
      "location": {"city": "Gurgaon", "area": "Sushant Lok", "pincode": "122009"},
      "last_login": "2025-07-29",
      "total_orders": 30,
      "total_revenue": 95000,
      "avg_order_value": 3166,
      "last_order_date": "2025-07-27",
      "days_since_last_order": 2,
      "preferred_categories": ["Vehicles"],
      "churn_risk": "very_low",
      "sentiment_score": 0.97,
      "coupon_used": true,
      "app_rating": 5,
      "coupon_tier": "High",
      "assigned_coupon": "HVU175"
    },
    {
      "user_id": "SU_029",
      "name": "Mira Desai",
      "phone": "9900112233",
      "email": "mira.desai@example.com",
      "registration_date": "2024-08-08",
      "user_type": "frequent_user",
      "location": {"city": "Delhi NCR", "area": "Patparganj", "pincode": "110092"},
      "last_login": "2025-07-28",
      "total_orders": 20,
      "total_revenue": 12000,
      "avg_order_value": 600,
      "last_order_date": "2025-07-26",
      "days_since_last_order": 3,
      "preferred_categories": ["Paper", "Plastic"],
      "churn_risk": "low",
      "sentiment_score": 0.94,
      "coupon_used": false,
      "app_rating": 5,
      "coupon_tier": "Low",
      "assigned_coupon": "FUTUREOFFER"
    },
    {
      "user_id": "SU_030",
      "name": "Arnav Kapoor",
      "phone": "9112233445",
      "email": "arnav.kapoor@example.com",
      "registration_date": "2023-06-15",
      "user_type": "seasonal_user",
      "location": {"city": "Ghaziabad", "area": "Vasundhara", "pincode": "201012"},
      "last_login": "2024-12-20",
      "total_orders": 3,
      "total_revenue": 1100,
      "avg_order_value": 366,
      "last_order_date": "2024-12-15",
      "days_since_last_order": 226,
      "preferred_categories": ["Cardboard"],
      "churn_risk": "high",
      "sentiment_score": 0.62,
      "coupon_used": false,
      "app_rating": 3,
      "coupon_tier": "High",
      "assigned_coupon": "COMEBACK150"
    },
    {
      "user_id": "SU_031",
      "name": "Sanya Verma",
      "phone": "9223344556",
      "email": "sanya.verma@example.com",
      "registration_date": "2025-07-01",
      "user_type": "new_user",
      "location": {"city": "Faridabad", "area": "Sector 16", "pincode": "121002"},
      "last_login": "2025-07-29",
      "total_orders": 1,
      "total_revenue": 250,
      "avg_order_value": 250,
      "last_order_date": "2025-07-29",
      "days_since_last_order": 0,
      "preferred_categories": ["Paper"],
      "churn_risk": "low",
      "sentiment_score": 0.87,
      "coupon_used": false,
      "app_rating": 4,
      "coupon_tier": "Low",
      "assigned_coupon": "WELCOME10"
    },
    {
      "user_id": "SU_032",
      "name": "Kian Shah",
      "phone": "9334455667",
      "email": "kian.shah@example.com",
      "registration_date": "2024-02-02",
      "user_type": "price_sensitive_user",
      "location": {"city": "Delhi NCR", "area": "Laxmi Nagar", "pincode": "110092"},
      "last_login": "2025-07-12",
      "total_orders": 9,
      "total_revenue": 2700,
      "avg_order_value": 300,
      "last_order_date": "2025-07-02",
      "days_since_last_order": 27,
      "preferred_categories": ["Paper", "Cardboard"],
      "churn_risk": "medium",
      "sentiment_score": 0.73,
      "coupon_used": true,
      "app_rating": 3,
      "coupon_tier": "Mid",
      "assigned_coupon": "SAVE75"
    },
    {
      "user_id": "SU_033",
      "name": "Anvi Mehta",
      "phone": "9445566778",
      "email": "anvi.mehta@example.com",
      "registration_date": "2022-11-11",
      "user_type": "dormant_user",
      "location": {"city": "Noida", "area": "Sector 18", "pincode": "201301"},
      "last_login": "2023-08-01",
      "total_orders": 2,
      "total_revenue": 700,
      "avg_order_value": 350,
      "last_order_date": "2023-07-20",
      "days_since_last_order": 739,
      "preferred_categories": ["Electronics"],
      "churn_risk": "very_high",
      "sentiment_score": 0.50,
      "coupon_used": false,
      "app_rating": 2,
      "coupon_tier": "High",
      "assigned_coupon": "BIGSAVE200"
    },
    {
      "user_id": "SU_034",
      "name": "Dhruv Batra",
      "phone": "9556677889",
      "email": "dhruv.batra@example.com",
      "registration_date": "2023-08-19",
      "user_type": "returning_user",
      "location": {"city": "Gurgaon", "area": "Sector 29", "pincode": "122001"},
      "last_login": "2025-07-18",
      "total_orders": 7,
      "total_revenue": 3500,
      "avg_order_value": 500,
      "last_order_date": "2025-07-15",
      "days_since_last_order": 14,
      "preferred_categories": ["Metals", "Plastic"],
      "churn_risk": "low",
      "sentiment_score": 0.85,
      "coupon_used": true,
      "app_rating": 4,
      "coupon_tier": "Mid",
      "assigned_coupon": "RECYCLE50"
    },
    {
      "user_id": "SU_035",
      "name": "Siya Kapoor",
      "phone": "9667788990",
      "email": "siya.kapoor@example.com",
      "registration_date": "2022-05-09",
      "user_type": "high_value_user",
      "location": {"city": "Delhi NCR", "area": "South Extension", "pincode": "110049"},
      "last_login": "2025-07-29",
      "total_orders": 26,
      "total_revenue": 85000,
      "avg_order_value": 3269,
      "last_order_date": "2025-07-29",
      "days_since_last_order": 0,
      "preferred_categories": ["Electronics", "Vehicles"],
      "churn_risk": "very_low",
      "sentiment_score": 0.99,
      "coupon_used": true,
      "app_rating": 5,
      "coupon_tier": "High",
      "assigned_coupon": "HVU175"
    },
    {
      "user_id": "SU_036",
      "name": "Leo Thomas",
      "phone": "9778899001",
      "email": "leo.thomas@example.com",
      "registration_date": "2024-05-01",
      "user_type": "bulk_seller",
      "location": {"city": "Ghaziabad", "area": "Indirapuram", "pincode": "201014"},
      "last_login": "2025-07-27",
      "total_orders": 15,
      "total_revenue": 25000,
      "avg_order_value": 1666,
      "last_order_date": "2025-07-25",
      "days_since_last_order": 4,
      "preferred_categories": ["Paper", "Cardboard"],
      "churn_risk": "low",
      "sentiment_score": 0.90,
      "coupon_used": false,
      "app_rating": 4,
      "coupon_tier": "Low",
      "assigned_coupon": "FUTUREOFFER"
    },
    {
      "user_id": "SU_037",
      "name": "Noor Siddiqui",
      "phone": "9889900112",
      "email": "noor.siddiqui@example.com",
      "registration_date": "2023-12-12",
      "user_type": "seasonal_user",
      "location": {"city": "Faridabad", "area": "Sector 28", "pincode": "121008"},
      "last_login": "2025-03-10",
      "total_orders": 2,
      "total_revenue": 800,
      "avg_order_value": 400,
      "last_order_date": "2025-03-05",
      "days_since_last_order": 146,
      "preferred_categories": ["Plastic"],
      "churn_risk": "high",
      "sentiment_score": 0.69,
      "coupon_used": true,
      "app_rating": 3,
      "coupon_tier": "High",
      "assigned_coupon": "COMEBACK150"
    },
    {
      "user_id": "SU_038",
      "name": "Ryan D'souza",
      "phone": "9900112233",
      "email": "ryan.dsouza@example.com",
      "registration_date": "2024-06-30",
      "user_type": "electronics_specialist",
      "location": {"city": "Delhi NCR", "area": "Karol Bagh", "pincode": "110005"},
      "last_login": "2025-07-28",
      "total_orders": 10,
      "total_revenue": 22000,
      "avg_order_value": 2200,
      "last_order_date": "2025-07-20",
      "days_since_last_order": 9,
      "preferred_categories": ["Electronics", "Metals"],
      "churn_risk": "low",
      "sentiment_score": 0.91,
      "coupon_used": false,
      "app_rating": 5,
      "coupon_tier": "Low",
      "assigned_coupon": "THANKYOU"
    },
    {
      "user_id": "SU_039",
      "name": "Eva Williams",
      "phone": "9112233445",
      "email": "eva.williams@example.com",
      "registration_date": "2025-07-15",
      "user_type": "new_user",
      "location": {"city": "Noida", "area": "Sector 135", "pincode": "201304"},
      "last_login": "2025-07-29",
      "total_orders": 1,
      "total_revenue": 600,
      "avg_order_value": 600,
      "last_order_date": "2025-07-29",
      "days_since_last_order": 0,
      "preferred_categories": ["Electronics"],
      "churn_risk": "low",
      "sentiment_score": 0.95,
      "coupon_used": false,
      "app_rating": 5,
      "coupon_tier": "Low",
      "assigned_coupon": "WELCOME10"
    },
    {
      "user_id": "SU_040",
      "name": "Omar Abdullah",
      "phone": "9223344556",
      "email": "omar.abdullah@example.com",
      "registration_date": "2024-01-20",
      "user_type": "price_sensitive_user",
      "location": {"city": "Gurgaon", "area": "Old Gurgaon", "pincode": "122001"},
      "last_login": "2025-07-15",
      "total_orders": 12,
      "total_revenue": 3600,
      "avg_order_value": 300,
      "last_order_date": "2025-07-10",
      "days_since_last_order": 19,
      "preferred_categories": ["Paper", "Plastic", "Cardboard"],
      "churn_risk": "medium",
      "sentiment_score": 0.76,
      "coupon_used": true,
      "app_rating": 4,
      "coupon_tier": "Mid",
      "assigned_coupon": "RECYCLE50"
    },
    {
      "user_id": "SU_041",
      "name": "Fatima Ali",
      "phone": "9334455667",
      "email": "fatima.ali@example.com",
      "registration_date": "2022-03-03",
      "user_type": "dormant_user",
      "location": {"city": "Delhi NCR", "area": "Shahdara", "pincode": "110032"},
      "last_login": "2022-12-01",
      "total_orders": 1,
      "total_revenue": 200,
      "avg_order_value": 200,
      "last_order_date": "2022-11-15",
      "days_since_last_order": 987,
      "preferred_categories": ["Paper"],
      "churn_risk": "very_high",
      "sentiment_score": 0.25,
      "coupon_used": false,
      "app_rating": 1,
      "coupon_tier": "High",
      "assigned_coupon": "BIGSAVE200"
    },
    {
      "user_id": "SU_042",
      "name": "George Mathew",
      "phone": "9445566778",
      "email": "george.mathew@example.com",
      "registration_date": "2023-09-10",
      "user_type": "returning_user",
      "location": {"city": "Ghaziabad", "area": "Vaishali", "pincode": "201010"},
      "last_login": "2025-07-20",
      "total_orders": 8,
      "total_revenue": 4000,
      "avg_order_value": 500,
      "last_order_date": "2025-07-18",
      "days_since_last_order": 11,
      "preferred_categories": ["Metals"],
      "churn_risk": "low",
      "sentiment_score": 0.88,
      "coupon_used": true,
      "app_rating": 5,
      "coupon_tier": "Mid",
      "assigned_coupon": "SCRAP100"
    },
    {
      "user_id": "SU_043",
      "name": "Hannah Wilson",
      "phone": "9556677889",
      "email": "hannah.wilson@example.com",
      "registration_date": "2022-08-01",
      "user_type": "high_value_user",
      "location": {"city": "Faridabad", "area": "Sector 14", "pincode": "121007"},
      "last_login": "2025-07-29",
      "total_orders": 40,
      "total_revenue": 120000,
      "avg_order_value": 3000,
      "last_order_date": "2025-07-28",
      "days_since_last_order": 1,
      "preferred_categories": ["Electronics", "Vehicles", "Metals"],
      "churn_risk": "very_low",
      "sentiment_score": 1.0,
      "coupon_used": false,
      "app_rating": 5,
      "coupon_tier": "High",
      "assigned_coupon": "HVU175"
    },
    {
      "user_id": "SU_044",
      "name": "Ivan Petrov",
      "phone": "9667788990",
      "email": "ivan.petrov@example.com",
      "registration_date": "2024-11-11",
      "user_type": "frequent_user",
      "location": {"city": "Delhi NCR", "area": "Connaught Place", "pincode": "110001"},
      "last_login": "2025-07-29",
      "total_orders": 15,
      "total_revenue": 8000,
      "avg_order_value": 533,
      "last_order_date": "2025-07-29",
      "days_since_last_order": 0,
      "preferred_categories": ["Paper", "Plastic"],
      "churn_risk": "very_low",
      "sentiment_score": 0.93,
      "coupon_used": true,
      "app_rating": 5,
      "coupon_tier": "Low",
      "assigned_coupon": "FUTUREOFFER"
    },
    {
      "user_id": "SU_045",
      "name": "Jasmine Kaur",
      "phone": "9778899001",
      "email": "jasmine.kaur@example.com",
      "registration_date": "2023-04-04",
      "user_type": "seasonal_user",
      "location": {"city": "Noida", "area": "Sector 63", "pincode": "201301"},
      "last_login": "2024-10-10",
      "total_orders": 2,
      "total_revenue": 900,
      "avg_order_value": 450,
      "last_order_date": "2024-10-01",
      "days_since_last_order": 301,
      "preferred_categories": ["Electronics"],
      "churn_risk": "high",
      "sentiment_score": 0.60,
      "coupon_used": false,
      "app_rating": 3,
      "coupon_tier": "High",
      "assigned_coupon": "COMEBACK150"
    },
    {
      "user_id": "SU_046",
      "name": "Kevin Martin",
      "phone": "9889900112",
      "email": "kevin.martin@example.com",
      "registration_date": "2025-07-20",
      "user_type": "new_user",
      "location": {"city": "Gurgaon", "area": "Sector 56", "pincode": "122011"},
      "last_login": "2025-07-28",
      "total_orders": 1,
      "total_revenue": 300,
      "avg_order_value": 300,
      "last_order_date": "2025-07-28",
      "days_since_last_order": 1,
      "preferred_categories": ["Cardboard"],
      "churn_risk": "low",
      "sentiment_score": 0.85,
      "coupon_used": false,
      "app_rating": 4,
      "coupon_tier": "Low",
      "assigned_coupon": "WELCOME10"
    },
    {
      "user_id": "SU_047",
      "name": "Liam O'Connell",
      "phone": "9900112233",
      "email": "liam.oconnell@example.com",
      "registration_date": "2024-03-25",
      "user_type": "price_sensitive_user",
      "location": {"city": "Ghaziabad", "area": "Rajender Nagar", "pincode": "201005"},
      "last_login": "2025-07-22",
      "total_orders": 6,
      "total_revenue": 1800,
      "avg_order_value": 300,
      "last_order_date": "2025-07-15",
      "days_since_last_order": 14,
      "preferred_categories": ["Paper"],
      "churn_risk": "medium",
      "sentiment_score": 0.78,
      "coupon_used": true,
      "app_rating": 4,
      "coupon_tier": "Mid",
      "assigned_coupon": "SAVE75"
    },
    {
      "user_id": "SU_048",
      "name": "Mia Chen",
      "phone": "9112233445",
      "email": "mia.chen@example.com",
      "registration_date": "2022-10-18",
      "user_type": "dormant_user",
      "location": {"city": "Faridabad", "area": "Ballabgarh", "pincode": "121004"},
      "last_login": "2023-09-15",
      "total_orders": 4,
      "total_revenue": 1500,
      "avg_order_value": 375,
      "last_order_date": "2023-09-01",
      "days_since_last_order": 697,
      "preferred_categories": ["Metals"],
      "churn_risk": "very_high",
      "sentiment_score": 0.55,
      "coupon_used": false,
      "app_rating": 2,
      "coupon_tier": "High",
      "assigned_coupon": "BIGSAVE200"
    },
    {
      "user_id": "SU_049",
      "name": "Noah Kim",
      "phone": "9223344556",
      "email": "noah.kim@example.com",
      "registration_date": "2023-07-07",
      "user_type": "returning_user",
      "location": {"city": "Delhi NCR", "area": "Vasant Vihar", "pincode": "110057"},
      "last_login": "2025-07-25",
      "total_orders": 9,
      "total_revenue": 4500,
      "avg_order_value": 500,
      "last_order_date": "2025-07-22",
      "days_since_last_order": 7,
      "preferred_categories": ["Plastic", "Electronics"],
      "churn_risk": "low",
      "sentiment_score": 0.90,
      "coupon_used": true,
      "app_rating": 5,
      "coupon_tier": "Mid",
      "assigned_coupon": "RECYCLE50"
    },
    {
      "user_id": "SU_050",
      "name": "Olivia Garcia",
      "phone": "9334455667",
      "email": "olivia.garcia@example.com",
      "registration_date": "2022-01-01",
      "user_type": "high_value_user",
      "location": {"city": "Noida", "area": "Sector 44", "pincode": "201301"},
      "last_login": "2025-07-29",
      "total_orders": 50,
      "total_revenue": 150000,
      "avg_order_value": 3000,
      "last_order_date": "2025-07-29",
      "days_since_last_order": 0,
      "preferred_categories": ["Vehicles", "Electronics", "Metals"],
      "churn_risk": "very_low",
      "sentiment_score": 1.0,
      "coupon_used": true,
      "app_rating": 5,
      "coupon_tier": "High",
      "assigned_coupon": "HVU175"
    },
    {
      "user_id": "SU_051",
      "name": "Peter Jones",
      "phone": "9445566778",
      "email": "peter.jones@example.com",
      "registration_date": "2024-08-15",
      "user_type": "bulk_seller",
      "location": {"city": "Gurgaon", "area": "Palam Vihar", "pincode": "122017"},
      "last_login": "2025-07-28",
      "total_orders": 20,
      "total_revenue": 35000,
      "avg_order_value": 1750,
      "last_order_date": "2025-07-26",
      "days_since_last_order": 3,
      "preferred_categories": ["Paper", "Plastic"],
      "churn_risk": "very_low",
      "sentiment_score": 0.92,
      "coupon_used": false,
      "app_rating": 5,
      "coupon_tier": "Low",
      "assigned_coupon": "FUTUREOFFER"
    },
    {
      "user_id": "SU_052",
      "name": "Quinn Nguyen",
      "phone": "9556677889",
      "email": "quinn.nguyen@example.com",
      "registration_date": "2023-05-30",
      "user_type": "seasonal_user",
      "location": {"city": "Ghaziabad", "area": "Sahibabad", "pincode": "201005"},
      "last_login": "2025-01-05",
      "total_orders": 3,
      "total_revenue": 1300,
      "avg_order_value": 433,
      "last_order_date": "2024-12-25",
      "days_since_last_order": 216,
      "preferred_categories": ["Cardboard", "Metals"],
      "churn_risk": "high",
      "sentiment_score": 0.67,
      "coupon_used": true,
      "app_rating": 3,
      "coupon_tier": "High",
      "assigned_coupon": "COMEBACK150"
    },
    {
      "user_id": "SU_053",
      "name": "Rachel Green",
      "phone": "9667788990",
      "email": "rachel.green@example.com",
      "registration_date": "2024-10-01",
      "user_type": "electronics_specialist",
      "location": {"city": "Faridabad", "area": "NIT", "pincode": "121001"},
      "last_login": "2025-07-29",
      "total_orders": 8,
      "total_revenue": 18000,
      "avg_order_value": 2250,
      "last_order_date": "2025-07-21",
      "days_since_last_order": 8,
      "preferred_categories": ["Electronics"],
      "churn_risk": "low",
      "sentiment_score": 0.93,
      "coupon_used": true,
      "app_rating": 5,
      "coupon_tier": "Low",
      "assigned_coupon": "THANKYOU"
    },
    {
      "user_id": "SU_054",
      "name": "Sam Wilson",
      "phone": "9778899001",
      "email": "sam.wilson@example.com",
      "registration_date": "2025-07-25",
      "user_type": "new_user",
      "location": {"city": "Delhi NCR", "area": "Dwarka", "pincode": "110075"},
      "last_login": "2025-07-29",
      "total_orders": 1,
      "total_revenue": 400,
      "avg_order_value": 400,
      "last_order_date": "2025-07-29",
      "days_since_last_order": 0,
      "preferred_categories": ["Metals"],
      "churn_risk": "low",
      "sentiment_score": 0.90,
      "coupon_used": false,
      "app_rating": 5,
      "coupon_tier": "Low",
      "assigned_coupon": "WELCOME10"
    },
    {
      "user_id": "SU_055",
      "name": "Tom Cruise",
      "phone": "9889900112",
      "email": "tom.cruise@example.com",
      "registration_date": "2024-02-18",
      "user_type": "price_sensitive_user",
      "location": {"city": "Noida", "area": "Sector 15", "pincode": "201301"},
      "last_login": "2025-07-20",
      "total_orders": 11,
      "total_revenue": 3300,
      "avg_order_value": 300,
      "last_order_date": "2025-07-11",
      "days_since_last_order": 18,
      "preferred_categories": ["Paper", "Plastic"],
      "churn_risk": "medium",
      "sentiment_score": 0.71,
      "coupon_used": false,
      "app_rating": 3,
      "coupon_tier": "Mid",
      "assigned_coupon": "RECYCLE50"
    },
    {
      "user_id": "SU_056",
      "name": "Uma Thurman",
      "phone": "9900112233",
      "email": "uma.thurman@example.com",
      "registration_date": "2022-07-22",
      "user_type": "dormant_user",
      "location": {"city": "Gurgaon", "area": "Sector 14", "pincode": "122001"},
      "last_login": "2023-06-30",
      "total_orders": 2,
      "total_revenue": 900,
      "avg_order_value": 450,
      "last_order_date": "2023-06-20",
      "days_since_last_order": 769,
      "preferred_categories": ["Cardboard"],
      "churn_risk": "very_high",
      "sentiment_score": 0.58,
      "coupon_used": false,
      "app_rating": 3,
      "coupon_tier": "High",
      "assigned_coupon": "BIGSAVE200"
    },
    {
      "user_id": "SU_057",
      "name": "Victor Hugo",
      "phone": "9112233445",
      "email": "victor.hugo@example.com",
      "registration_date": "2023-10-05",
      "user_type": "returning_user",
      "location": {"city": "Ghaziabad", "area": "Kavi Nagar", "pincode": "201002"},
      "last_login": "2025-07-26",
      "total_orders": 4,
      "total_revenue": 2000,
      "avg_order_value": 500,
      "last_order_date": "2025-07-20",
      "days_since_last_order": 9,
      "preferred_categories": ["Electronics", "Metals"],
      "churn_risk": "low",
      "sentiment_score": 0.86,
      "coupon_used": false,
      "app_rating": 4,
      "coupon_tier": "Mid",
      "assigned_coupon": "SCRAP100"
    },
    {
      "user_id": "SU_058",
      "name": "Wendy Darling",
      "phone": "9223344556",
      "email": "wendy.darling@example.com",
      "registration_date": "2022-04-10",
      "user_type": "high_value_user",
      "location": {"city": "Faridabad", "area": "Sector 15", "pincode": "121007"},
      "last_login": "2025-07-29",
      "total_orders": 33,
      "total_revenue": 99000,
      "avg_order_value": 3000,
      "last_order_date": "2025-07-29",
      "days_since_last_order": 0,
      "preferred_categories": ["Vehicles"],
      "churn_risk": "very_low",
      "sentiment_score": 0.99,
      "coupon_used": true,
      "app_rating": 5,
      "coupon_tier": "High",
      "assigned_coupon": "HVU175"
    },
    {
      "user_id": "SU_059",
      "name": "Xavier Hernandez",
      "phone": "9334455667",
      "email": "xavier.hernandez@example.com",
      "registration_date": "2024-09-20",
      "user_type": "frequent_user",
      "location": {"city": "Delhi NCR", "area": "Rohini", "pincode": "110085"},
      "last_login": "2025-07-28",
      "total_orders": 12,
      "total_revenue": 7200,
      "avg_order_value": 600,
      "last_order_date": "2025-07-25",
      "days_since_last_order": 4,
      "preferred_categories": ["Paper", "Cardboard", "Plastic"],
      "churn_risk": "low",
      "sentiment_score": 0.91,
      "coupon_used": true,
      "app_rating": 5,
      "coupon_tier": "Low",
      "assigned_coupon": "FUTUREOFFER"
    },
    {
      "user_id": "SU_060",
      "name": "Yara Shahidi",
      "phone": "9445566778",
      "email": "yara.shahidi@example.com",
      "registration_date": "2023-01-01",
      "user_type": "seasonal_user",
      "location": {"city": "Noida", "area": "Sector 128", "pincode": "201304"},
      "last_login": "2024-08-15",
      "total_orders": 4,
      "total_revenue": 1600,
      "avg_order_value": 400,
      "last_order_date": "2024-08-01",
      "days_since_last_order": 362,
      "preferred_categories": ["Paper", "Electronics"],
      "churn_risk": "high",
      "sentiment_score": 0.63,
      "coupon_used": false,
      "app_rating": 3,
      "coupon_tier": "High",
      "assigned_coupon": "COMEBACK150"
    },
    {
      "user_id": "SU_061",
      "name": "Zayn Malik",
      "phone": "9556677889",
      "email": "zayn.malik@example.com",
      "registration_date": "2025-07-28",
      "user_type": "new_user",
      "location": {"city": "Gurgaon", "area": "DLF Phase 4", "pincode": "122002"},
      "last_login": "2025-07-29",
      "total_orders": 1,
      "total_revenue": 200,
      "avg_order_value": 200,
      "last_order_date": "2025-07-29",
      "days_since_last_order": 0,
      "preferred_categories": ["Paper"],
      "churn_risk": "low",
      "sentiment_score": 0.80,
      "coupon_used": false,
      "app_rating": 4,
      "coupon_tier": "Low",
      "assigned_coupon": "WELCOME10"
    },
    {
      "user_id": "SU_062",
      "name": "Alice Wonderland",
      "phone": "9667788990",
      "email": "alice.wonderland@example.com",
      "registration_date": "2024-04-15",
      "user_type": "price_sensitive_user",
      "location": {"city": "Ghaziabad", "area": "Indirapuram", "pincode": "201014"},
      "last_login": "2025-07-25",
      "total_orders": 5,
      "total_revenue": 1500,
      "avg_order_value": 300,
      "last_order_date": "2025-07-20",
      "days_since_last_order": 9,
      "preferred_categories": ["Plastic"],
      "churn_risk": "medium",
      "sentiment_score": 0.79,
      "coupon_used": true,
      "app_rating": 4,
      "coupon_tier": "Mid",
      "assigned_coupon": "SAVE75"
    },
    {
      "user_id": "SU_063",
      "name": "Bob Builder",
      "phone": "9778899001",
      "email": "bob.builder@example.com",
      "registration_date": "2022-12-25",
      "user_type": "dormant_user",
      "location": {"city": "Faridabad", "area": "Sector 21D", "pincode": "121001"},
      "last_login": "2023-11-01",
      "total_orders": 3,
      "total_revenue": 1000,
      "avg_order_value": 333,
      "last_order_date": "2023-10-15",
      "days_since_last_order": 652,
      "preferred_categories": ["Metals"],
      "churn_risk": "very_high",
      "sentiment_score": 0.52,
      "coupon_used": false,
      "app_rating": 2,
      "coupon_tier": "High",
      "assigned_coupon": "BIGSAVE200"
    },
    {
      "user_id": "SU_064",
      "name": "Charlie Chaplin",
      "phone": "9889900112",
      "email": "charlie.chaplin@example.com",
      "registration_date": "2023-08-01",
      "user_type": "returning_user",
      "location": {"city": "Delhi NCR", "area": "Saket", "pincode": "110017"},
      "last_login": "2025-07-29",
      "total_orders": 6,
      "total_revenue": 3000,
      "avg_order_value": 500,
      "last_order_date": "2025-07-25",
      "days_since_last_order": 4,
      "preferred_categories": ["Paper", "Electronics"],
      "churn_risk": "low",
      "sentiment_score": 0.87,
      "coupon_used": false,
      "app_rating": 5,
      "coupon_tier": "Mid",
      "assigned_coupon": "RECYCLE50"
    },
    {
      "user_id": "SU_065",
      "name": "David Copperfield",
      "phone": "9900112233",
      "email": "david.copperfield@example.com",
      "registration_date": "2022-02-20",
      "user_type": "high_value_user",
      "location": {"city": "Noida", "area": "Sector 100", "pincode": "201301"},
      "last_login": "2025-07-28",
      "total_orders": 45,
      "total_revenue": 135000,
      "avg_order_value": 3000,
      "last_order_date": "2025-07-27",
      "days_since_last_order": 2,
      "preferred_categories": ["Vehicles", "Metals"],
      "churn_risk": "very_low",
      "sentiment_score": 0.98,
      "coupon_used": true,
      "app_rating": 5,
      "coupon_tier": "High",
      "assigned_coupon": "HVU175"
    },
    {
      "user_id": "SU_066",
      "name": "Emily Blunt",
      "phone": "9112233445",
      "email": "emily.blunt@example.com",
      "registration_date": "2024-12-01",
      "user_type": "bulk_seller",
      "location": {"city": "Gurgaon", "area": "Sector 82", "pincode": "122004"},
      "last_login": "2025-07-29",
      "total_orders": 10,
      "total_revenue": 18000,
      "avg_order_value": 1800,
      "last_order_date": "2025-07-29",
      "days_since_last_order": 0,
      "preferred_categories": ["Cardboard", "Plastic"],
      "churn_risk": "low",
      "sentiment_score": 0.89,
      "coupon_used": false,
      "app_rating": 4,
      "coupon_tier": "Low",
      "assigned_coupon": "FUTUREOFFER"
    },
    {
      "user_id": "SU_067",
      "name": "Frank Sinatra",
      "phone": "9223344556",
      "email": "frank.sinatra@example.com",
      "registration_date": "2023-03-10",
      "user_type": "seasonal_user",
      "location": {"city": "Ghaziabad", "area": "Vaishali", "pincode": "201010"},
      "last_login": "2024-09-01",
      "total_orders": 2,
      "total_revenue": 750,
      "avg_order_value": 375,
      "last_order_date": "2024-08-20",
      "days_since_last_order": 343,
      "preferred_categories": ["Paper"],
      "churn_risk": "high",
      "sentiment_score": 0.61,
      "coupon_used": false,
      "app_rating": 3,
      "coupon_tier": "High",
      "assigned_coupon": "COMEBACK150"
    },
    {
      "user_id": "SU_068",
      "name": "Grace Kelly",
      "phone": "9334455667",
      "email": "grace.kelly@example.com",
      "registration_date": "2024-11-05",
      "user_type": "electronics_specialist",
      "location": {"city": "Faridabad", "area": "Sector 16A", "pincode": "121001"},
      "last_login": "2025-07-29",
      "total_orders": 14,
      "total_revenue": 30000,
      "avg_order_value": 2142,
      "last_order_date": "2025-07-22",
      "days_since_last_order": 7,
      "preferred_categories": ["Electronics"],
      "churn_risk": "low",
      "sentiment_score": 0.95,
      "coupon_used": true,
      "app_rating": 5,
      "coupon_tier": "Low",
      "assigned_coupon": "THANKYOU"
    },
    {
      "user_id": "SU_069",
      "name": "Harry Potter",
      "phone": "9445566778",
      "email": "harry.potter@example.com",
      "registration_date": "2025-07-29",
      "user_type": "new_user",
      "location": {"city": "Delhi NCR", "area": "Hauz Khas", "pincode": "110016"},
      "last_login": "2025-07-29",
      "total_orders": 1,
      "total_revenue": 550,
      "avg_order_value": 550,
      "last_order_date": "2025-07-29",
      "days_since_last_order": 0,
      "preferred_categories": ["Paper", "Metals"],
      "churn_risk": "low",
      "sentiment_score": 0.92,
      "coupon_used": false,
      "app_rating": 5,
      "coupon_tier": "Low",
      "assigned_coupon": "WELCOME10"
    },
    {
      "user_id": "SU_070",
      "name": "Indiana Jones",
      "phone": "9556677889",
      "email": "indiana.jones@example.com",
      "registration_date": "2024-05-25",
      "user_type": "price_sensitive_user",
      "location": {"city": "Noida", "area": "Sector 137", "pincode": "201305"},
      "last_login": "2025-07-23",
      "total_orders": 8,
      "total_revenue": 2400,
      "avg_order_value": 300,
      "last_order_date": "2025-07-18",
      "days_since_last_order": 11,
      "preferred_categories": ["Cardboard"],
      "churn_risk": "medium",
      "sentiment_score": 0.77,
      "coupon_used": true,
      "app_rating": 4,
      "coupon_tier": "Mid",
      "assigned_coupon": "RECYCLE50"
    },
    {
      "user_id": "SU_071",
      "name": "Jack Sparrow",
      "phone": "9667788990",
      "email": "jack.sparrow@example.com",
      "registration_date": "2022-06-06",
      "user_type": "dormant_user",
      "location": {"city": "Gurgaon", "area": "Sector 49", "pincode": "122018"},
      "last_login": "2023-04-01",
      "total_orders": 1,
      "total_revenue": 300,
      "avg_order_value": 300,
      "last_order_date": "2023-03-20",
      "days_since_last_order": 862,
      "preferred_categories": ["Plastic"],
      "churn_risk": "very_high",
      "sentiment_score": 0.33,
      "coupon_used": false,
      "app_rating": 1,
      "coupon_tier": "High",
      "assigned_coupon": "BIGSAVE200"
    },
    {
      "user_id": "SU_072",
      "name": "King Arthur",
      "phone": "9778899001",
      "email": "king.arthur@example.com",
      "registration_date": "2023-11-30",
      "user_type": "returning_user",
      "location": {"city": "Ghaziabad", "area": "Raj Nagar", "pincode": "201002"},
      "last_login": "2025-07-27",
      "total_orders": 3,
      "total_revenue": 1600,
      "avg_order_value": 533,
      "last_order_date": "2025-07-24",
      "days_since_last_order": 5,
      "preferred_categories": ["Metals"],
      "churn_risk": "low",
      "sentiment_score": 0.84,
      "coupon_used": false,
      "app_rating": 4,
      "coupon_tier": "Mid",
      "assigned_coupon": "SCRAP100"
    },
    {
      "user_id": "SU_073",
      "name": "Luke Skywalker",
      "phone": "9889900112",
      "email": "luke.skywalker@example.com",
      "registration_date": "2022-01-15",
      "user_type": "high_value_user",
      "location": {"city": "Faridabad", "area": "Sector 29", "pincode": "121008"},
      "last_login": "2025-07-29",
      "total_orders": 60,
      "total_revenue": 200000,
      "avg_order_value": 3333,
      "last_order_date": "2025-07-28",
      "days_since_last_order": 1,
      "preferred_categories": ["Electronics", "Vehicles"],
      "churn_risk": "very_low",
      "sentiment_score": 1.0,
      "coupon_used": true,
      "app_rating": 5,
      "coupon_tier": "High",
      "assigned_coupon": "HVU175"
    },
    {
      "user_id": "SU_074",
      "name": "Mary Poppins",
      "phone": "9900112233",
      "email": "mary.poppins@example.com",
      "registration_date": "2024-10-10",
      "user_type": "frequent_user",
      "location": {"city": "Delhi NCR", "area": "Greater Kailash 2", "pincode": "110048"},
      "last_login": "2025-07-29",
      "total_orders": 18,
      "total_revenue": 10000,
      "avg_order_value": 555,
      "last_order_date": "2025-07-27",
      "days_since_last_order": 2,
      "preferred_categories": ["Paper"],
      "churn_risk": "very_low",
      "sentiment_score": 0.96,
      "coupon_used": true,
      "app_rating": 5,
      "coupon_tier": "Low",
      "assigned_coupon": "FUTUREOFFER"
    },
    {
      "user_id": "SU_075",
      "name": "Nancy Drew",
      "phone": "9112233445",
      "email": "nancy.drew@example.com",
      "registration_date": "2023-06-20",
      "user_type": "seasonal_user",
      "location": {"city": "Noida", "area": "Sector 110", "pincode": "201301"},
      "last_login": "2024-12-01",
      "total_orders": 1,
      "total_revenue": 400,
      "avg_order_value": 400,
      "last_order_date": "2024-11-20",
      "days_since_last_order": 251,
      "preferred_categories": ["Cardboard"],
      "churn_risk": "high",
      "sentiment_score": 0.66,
      "coupon_used": false,
      "app_rating": 3,
      "coupon_tier": "High",
      "assigned_coupon": "COMEBACK150"
    },
    {
      "user_id": "SU_076",
      "name": "Oliver Twist",
      "phone": "9223344556",
      "email": "oliver.twist@example.com",
      "registration_date": "2025-07-29",
      "user_type": "new_user",
      "location": {"city": "Gurgaon", "area": "Sector 15", "pincode": "122001"},
      "last_login": "2025-07-29",
      "total_orders": 1,
      "total_revenue": 150,
      "avg_order_value": 150,
      "last_order_date": "2025-07-29",
      "days_since_last_order": 0,
      "preferred_categories": ["Paper"],
      "churn_risk": "low",
      "sentiment_score": 0.75,
      "coupon_used": false,
      "app_rating": 3,
      "coupon_tier": "Low",
      "assigned_coupon": "WELCOME10"
    },
    {
      "user_id": "SU_077",
      "name": "Peter Pan",
      "phone": "9334455667",
      "email": "peter.pan@example.com",
      "registration_date": "2024-06-01",
      "user_type": "price_sensitive_user",
      "location": {"city": "Ghaziabad", "area": "Mohan Nagar", "pincode": "201007"},
      "last_login": "2025-07-28",
      "total_orders": 9,
      "total_revenue": 2700,
      "avg_order_value": 300,
      "last_order_date": "2025-07-25",
      "days_since_last_order": 4,
      "preferred_categories": ["Plastic", "Cardboard"],
      "churn_risk": "medium",
      "sentiment_score": 0.80,
      "coupon_used": true,
      "app_rating": 4,
      "coupon_tier": "Mid",
      "assigned_coupon": "SAVE75"
    },
    {
      "user_id": "SU_078",
      "name": "Queen Elizabeth",
      "phone": "9445566778",
      "email": "queen.elizabeth@example.com",
      "registration_date": "2022-09-08",
      "user_type": "dormant_user",
      "location": {"city": "Faridabad", "area": "Sector 19", "pincode": "121002"},
      "last_login": "2023-07-01",
      "total_orders": 2,
      "total_revenue": 1100,
      "avg_order_value": 550,
      "last_order_date": "2023-06-15",
      "days_since_last_order": 774,
      "preferred_categories": ["Metals", "Electronics"],
      "churn_risk": "very_high",
      "sentiment_score": 0.59,
      "coupon_used": false,
      "app_rating": 3,
      "coupon_tier": "High",
      "assigned_coupon": "BIGSAVE200"
    },
    {
      "user_id": "SU_079",
      "name": "Rocky Balboa",
      "phone": "9556677889",
      "email": "rocky.balboa@example.com",
      "registration_date": "2023-12-25",
      "user_type": "returning_user",
      "location": {"city": "Delhi NCR", "area": "Karol Bagh", "pincode": "110005"},
      "last_login": "2025-07-29",
      "total_orders": 5,
      "total_revenue": 2800,
      "avg_order_value": 560,
      "last_order_date": "2025-07-28",
      "days_since_last_order": 1,
      "preferred_categories": ["Paper", "Plastic"],
      "churn_risk": "low",
      "sentiment_score": 0.91,
      "coupon_used": true,
      "app_rating": 5,
      "coupon_tier": "Mid",
      "assigned_coupon": "RECYCLE50"
    },
    {
      "user_id": "SU_080",
      "name": "Sherlock Holmes",
      "phone": "9667788990",
      "email": "sherlock.holmes@example.com",
      "registration_date": "2022-05-22",
      "user_type": "high_value_user",
      "location": {"city": "Noida", "area": "Sector 62", "pincode": "201309"},
      "last_login": "2025-07-29",
      "total_orders": 55,
      "total_revenue": 180000,
      "avg_order_value": 3272,
      "last_order_date": "2025-07-29",
      "days_since_last_order": 0,
      "preferred_categories": ["Electronics", "Metals"],
      "churn_risk": "very_low",
      "sentiment_score": 0.99,
      "coupon_used": false,
      "app_rating": 5,
      "coupon_tier": "High",
      "assigned_coupon": "HVU175"
    },
    {
      "user_id": "SU_081",
      "name": "Tintin",
      "phone": "9778899001",
      "email": "tintin@example.com",
      "registration_date": "2024-12-31",
      "user_type": "bulk_seller",
      "location": {"city": "Gurgaon", "area": "Sohna", "pincode": "122103"},
      "last_login": "2025-07-29",
      "total_orders": 25,
      "total_revenue": 40000,
      "avg_order_value": 1600,
      "last_order_date": "2025-07-28",
      "days_since_last_order": 1,
      "preferred_categories": ["Paper", "Cardboard"],
      "churn_risk": "very_low",
      "sentiment_score": 0.94,
      "coupon_used": false,
      "app_rating": 5,
      "coupon_tier": "Low",
      "assigned_coupon": "FUTUREOFFER"
    },
    {
      "user_id": "SU_082",
      "name": "Ursula",
      "phone": "9889900112",
      "email": "ursula@example.com",
      "registration_date": "2023-02-10",
      "user_type": "seasonal_user",
      "location": {"city": "Ghaziabad", "area": "Crossings Republik", "pincode": "201016"},
      "last_login": "2024-07-15",
      "total_orders": 3,
      "total_revenue": 1200,
      "avg_order_value": 400,
      "last_order_date": "2024-07-01",
      "days_since_last_order": 393,
      "preferred_categories": ["Plastic", "Metals"],
      "churn_risk": "high",
      "sentiment_score": 0.64,
      "coupon_used": true,
      "app_rating": 3,
      "coupon_tier": "High",
      "assigned_coupon": "COMEBACK150"
    },
    {
      "user_id": "SU_083",
      "name": "Violet Baudelaire",
      "phone": "9900112233",
      "email": "violet.baudelaire@example.com",
      "registration_date": "2024-11-15",
      "user_type": "electronics_specialist",
      "location": {"city": "Faridabad", "area": "Sector 8", "pincode": "121006"},
      "last_login": "2025-07-29",
      "total_orders": 11,
      "total_revenue": 25000,
      "avg_order_value": 2272,
      "last_order_date": "2025-07-25",
      "days_since_last_order": 4,
      "preferred_categories": ["Electronics"],
      "churn_risk": "low",
      "sentiment_score": 0.92,
      "coupon_used": true,
      "app_rating": 5,
      "coupon_tier": "Low",
      "assigned_coupon": "THANKYOU"
    },
    {
      "user_id": "SU_084",
      "name": "Willy Wonka",
      "phone": "9112233445",
      "email": "willy.wonka@example.com",
      "registration_date": "2025-07-30",
      "user_type": "new_user",
      "location": {"city": "Delhi NCR", "area": "Chandni Chowk", "pincode": "110006"},
      "last_login": "2025-07-30",
      "total_orders": 0,
      "total_revenue": 0,
      "avg_order_value": 0,
      "last_order_date": null,
      "days_since_last_order": null,
      "preferred_categories": [],
      "churn_risk": "low",
      "sentiment_score": null,
      "coupon_used": false,
      "app_rating": null,
      "coupon_tier": "Low",
      "assigned_coupon": "WELCOME10"
    },
    {
      "user_id": "SU_085",
      "name": "Xena",
      "phone": "9223344556",
      "email": "xena@example.com",
      "registration_date": "2024-07-07",
      "user_type": "price_sensitive_user",
      "location": {"city": "Noida", "area": "Sector 18", "pincode": "201301"},
      "last_login": "2025-07-29",
      "total_orders": 15,
      "total_revenue": 4500,
      "avg_order_value": 300,
      "last_order_date": "2025-07-29",
      "days_since_last_order": 0,
      "preferred_categories": ["Paper", "Cardboard"],
      "churn_risk": "low",
      "sentiment_score": 0.81,
      "coupon_used": true,
      "app_rating": 4,
      "coupon_tier": "Mid",
      "assigned_coupon": "RECYCLE50"
    },
    {
      "user_id": "SU_086",
      "name": "Yoda",
      "phone": "9334455667",
      "email": "yoda@example.com",
      "registration_date": "2022-10-10",
      "user_type": "dormant_user",
      "location": {"city": "Gurgaon", "area": "Sector 31", "pincode": "122001"},
      "last_login": "2023-08-10",
      "total_orders": 5,
      "total_revenue": 2000,
      "avg_order_value": 400,
      "last_order_date": "2023-08-01",
      "days_since_last_order": 728,
      "preferred_categories": ["Plastic"],
      "churn_risk": "very_high",
      "sentiment_score": 0.53,
      "coupon_used": false,
      "app_rating": 2,
      "coupon_tier": "High",
      "assigned_coupon": "BIGSAVE200"
    },
    {
      "user_id": "SU_087",
      "name": "Zorro",
      "phone": "9445566778",
      "email": "zorro@example.com",
      "registration_date": "2023-09-09",
      "user_type": "returning_user",
      "location": {"city": "Ghaziabad", "area": "Indirapuram", "pincode": "201014"},
      "last_login": "2025-07-29",
      "total_orders": 10,
      "total_revenue": 5500,
      "avg_order_value": 550,
      "last_order_date": "2025-07-26",
      "days_since_last_order": 3,
      "preferred_categories": ["Metals", "Electronics"],
      "churn_risk": "low",
      "sentiment_score": 0.93,
      "coupon_used": true,
      "app_rating": 5,
      "coupon_tier": "Mid",
      "assigned_coupon": "SCRAP100"
    },
    {
      "user_id": "SU_088",
      "name": "Albus Dumbledore",
      "phone": "9556677889",
      "email": "albus.dumbledore@example.com",
      "registration_date": "2022-03-20",
      "user_type": "high_value_user",
      "location": {"city": "Faridabad", "area": "Sector 17", "pincode": "121002"},
      "last_login": "2025-07-30",
      "total_orders": 70,
      "total_revenue": 250000,
      "avg_order_value": 3571,
      "last_order_date": "2025-07-30",
      "days_since_last_order": 0,
      "preferred_categories": ["Electronics", "Vehicles"],
      "churn_risk": "very_low",
      "sentiment_score": 1.0,
      "coupon_used": true,
      "app_rating": 5,
      "coupon_tier": "High",
      "assigned_coupon": "HVU175"
    },
    {
      "user_id": "SU_089",
      "name": "Bilbo Baggins",
      "phone": "9667788990",
      "email": "bilbo.baggins@example.com",
      "registration_date": "2025-01-15",
      "user_type": "frequent_user",
      "location": {"city": "Delhi NCR", "area": "Shanti Niketan", "pincode": "110021"},
      "last_login": "2025-07-30",
      "total_orders": 5,
      "total_revenue": 2500,
      "avg_order_value": 500,
      "last_order_date": "2025-07-25",
      "days_since_last_order": 5,
      "preferred_categories": ["Paper", "Cardboard"],
      "churn_risk": "low",
      "sentiment_score": 0.88,
      "coupon_used": false,
      "app_rating": 4,
      "coupon_tier": "Low",
      "assigned_coupon": "FUTUREOFFER"
    },
    {
      "user_id": "SU_090",
      "name": "Catwoman",
      "phone": "9778899001",
      "email": "catwoman@example.com",
      "registration_date": "2023-07-20",
      "user_type": "seasonal_user",
      "location": {"city": "Noida", "area": "Sector 93", "pincode": "201304"},
      "last_login": "2025-01-20",
      "total_orders": 2,
      "total_revenue": 950,
      "avg_order_value": 475,
      "last_order_date": "2025-01-10",
      "days_since_last_order": 200,
      "preferred_categories": ["Plastic"],
      "churn_risk": "high",
      "sentiment_score": 0.71,
      "coupon_used": true,
      "app_rating": 4,
      "coupon_tier": "High",
      "assigned_coupon": "COMEBACK150"
    },
    {
      "user_id": "SU_091",
      "name": "Dracula",
      "phone": "9889900112",
      "email": "dracula@example.com",
      "registration_date": "2025-07-30",
      "user_type": "new_user",
      "location": {"city": "Gurgaon", "area": "Sector 40", "pincode": "122001"},
      "last_login": "2025-07-30",
      "total_orders": 0,
      "total_revenue": 0,
      "avg_order_value": 0,
      "last_order_date": null,
      "days_since_last_order": null,
      "preferred_categories": [],
      "churn_risk": "low",
      "sentiment_score": null,
      "coupon_used": false,
      "app_rating": null,
      "coupon_tier": "Low",
      "assigned_coupon": "WELCOME10"
    },
    {
      "user_id": "SU_092",
      "name": "Elsa",
      "phone": "9900112233",
      "email": "elsa@example.com",
      "registration_date": "2024-08-01",
      "user_type": "price_sensitive_user",
      "location": {"city": "Ghaziabad", "area": "Vaishali", "pincode": "201010"},
      "last_login": "2025-07-30",
      "total_orders": 13,
      "total_revenue": 3900,
      "avg_order_value": 300,
      "last_order_date": "2025-07-28",
      "days_since_last_order": 2,
      "preferred_categories": ["Paper", "Metals"],
      "churn_risk": "medium",
      "sentiment_score": 0.82,
      "coupon_used": true,
      "app_rating": 4,
      "coupon_tier": "Mid",
      "assigned_coupon": "SAVE75"
    },
    {
      "user_id": "SU_093",
      "name": "Frodo Baggins",
      "phone": "9112233445",
      "email": "frodo.baggins@example.com",
      "registration_date": "2022-11-01",
      "user_type": "dormant_user",
      "location": {"city": "Faridabad", "area": "Sector 31", "pincode": "121003"},
      "last_login": "2023-09-01",
      "total_orders": 3,
      "total_revenue": 1300,
      "avg_order_value": 433,
      "last_order_date": "2023-08-15",
      "days_since_last_order": 714,
      "preferred_categories": ["Paper", "Plastic"],
      "churn_risk": "very_high",
      "sentiment_score": 0.51,
      "coupon_used": false,
      "app_rating": 2,
      "coupon_tier": "High",
      "assigned_coupon": "BIGSAVE200"
    },
    {
      "user_id": "SU_094",
      "name": "Gandalf",
      "phone": "9223344556",
      "email": "gandalf@example.com",
      "registration_date": "2023-10-20",
      "user_type": "returning_user",
      "location": {"city": "Delhi NCR", "area": "Chittaranjan Park", "pincode": "110019"},
      "last_login": "2025-07-30",
      "total_orders": 7,
      "total_revenue": 4000,
      "avg_order_value": 571,
      "last_order_date": "2025-07-29",
      "days_since_last_order": 1,
      "preferred_categories": ["Electronics"],
      "churn_risk": "low",
      "sentiment_score": 0.90,
      "coupon_used": false,
      "app_rating": 5,
      "coupon_tier": "Mid",
      "assigned_coupon": "RECYCLE50"
    },
    {
      "user_id": "SU_095",
      "name": "Hermione Granger",
      "phone": "9334455667",
      "email": "hermione.granger@example.com",
      "registration_date": "2022-01-01",
      "user_type": "high_value_user",
      "location": {"city": "Noida", "area": "Sector 150", "pincode": "201310"},
      "last_login": "2025-07-30",
      "total_orders": 80,
      "total_revenue": 300000,
      "avg_order_value": 3750,
      "last_order_date": "2025-07-30",
      "days_since_last_order": 0,
      "preferred_categories": ["Vehicles", "Electronics", "Metals"],
      "churn_risk": "very_low",
      "sentiment_score": 1.0,
      "coupon_used": true,
      "app_rating": 5,
      "coupon_tier": "High",
      "assigned_coupon": "HVU175"
    },
    {
      "user_id": "SU_096",
      "name": "Iron Man",
      "phone": "9445566778",
      "email": "iron.man@example.com",
      "registration_date": "2025-02-01",
      "user_type": "bulk_seller",
      "location": {"city": "Gurgaon", "area": "Golf Course Extn", "pincode": "122018"},
      "last_login": "2025-07-30",
      "total_orders": 5,
      "total_revenue": 15000,
      "avg_order_value": 3000,
      "last_order_date": "2025-07-28",
      "days_since_last_order": 2,
      "preferred_categories": ["Metals", "Electronics"],
      "churn_risk": "low",
      "sentiment_score": 0.95,
      "coupon_used": false,
      "app_rating": 5,
      "coupon_tier": "Low",
      "assigned_coupon": "FUTUREOFFER"
    },
    {
      "user_id": "SU_097",
      "name": "James Bond",
      "phone": "9556677889",
      "email": "james.bond@example.com",
      "registration_date": "2023-08-15",
      "user_type": "seasonal_user",
      "location": {"city": "Ghaziabad", "area": "Crossing Republik", "pincode": "201016"},
      "last_login": "2024-11-11",
      "total_orders": 2,
      "total_revenue": 1000,
      "avg_order_value": 500,
      "last_order_date": "2024-11-01",
      "days_since_last_order": 271,
      "preferred_categories": ["Electronics"],
      "churn_risk": "high",
      "sentiment_score": 0.72,
      "coupon_used": true,
      "app_rating": 4,
      "coupon_tier": "High",
      "assigned_coupon": "COMEBACK150"
    },
    {
      "user_id": "SU_098",
      "name": "Katniss Everdeen",
      "phone": "9667788990",
      "email": "katniss.everdeen@example.com",
      "registration_date": "2024-12-12",
      "user_type": "electronics_specialist",
      "location": {"city": "Faridabad", "area": "Sector 22", "pincode": "121005"},
      "last_login": "2025-07-30",
      "total_orders": 9,
      "total_revenue": 20000,
      "avg_order_value": 2222,
      "last_order_date": "2025-07-25",
      "days_since_last_order": 5,
      "preferred_categories": ["Electronics"],
      "churn_risk": "low",
      "sentiment_score": 0.94,
      "coupon_used": true,
      "app_rating": 5,
      "coupon_tier": "Low",
      "assigned_coupon": "THANKYOU"
    },
    {
      "user_id": "SU_099",
      "name": "Legolas",
      "phone": "9778899001",
      "email": "legolas@example.com",
      "registration_date": "2025-07-30",
      "user_type": "new_user",
      "location": {"city": "Delhi NCR", "area": "Anand Vihar", "pincode": "110092"},
      "last_login": "2025-07-30",
      "total_orders": 0,
      "total_revenue": 0,
      "avg_order_value": 0,
      "last_order_date": null,
      "days_since_last_order": null,
      "preferred_categories": [],
      "churn_risk": "low",
      "sentiment_score": null,
      "coupon_used": false,
      "app_rating": null,
      "coupon_tier": "Low",
      "assigned_coupon": "WELCOME10"
    },
    {
      "user_id": "SU_100",
      "name": "Mulan",
      "phone": "9889900112",
      "email": "mulan@example.com",
      "registration_date": "2024-09-01",
      "user_type": "price_sensitive_user",
      "location": {"city": "Noida", "area": "Sector 76", "pincode": "201301"},
      "last_login": "2025-07-30",
      "total_orders": 14,
      "total_revenue": 4200,
      "avg_order_value": 300,
      "last_order_date": "2025-07-29",
      "days_since_last_order": 1,
      "preferred_categories": ["Paper"],
      "churn_risk": "medium",
      "sentiment_score": 0.83,
      "coupon_used": true,
      "app_rating": 4,
      "coupon_tier": "Mid",
      "assigned_coupon": "SAVE75"
    }
  ]
}